%YAML 1.1
%TAG !u! tag:unity3d.com,2011:
--- !u!1 &8626067942909134404
GameObject:
  m_ObjectHideFlags: 0
  m_CorrespondingSourceObject: {fileID: 0}
  m_PrefabInstance: {fileID: 0}
  m_PrefabAsset: {fileID: 0}
  serializedVersion: 6
  m_Component:
  - component: {fileID: 5200148239673024918}
  m_Layer: 0
  m_Name: Triple_Laser
  m_TagString: Untagged
  m_Icon: {fileID: 0}
  m_NavMeshLayer: 0
  m_StaticEditorFlags: 0
  m_IsActive: 1
--- !u!4 &5200148239673024918
Transform:
  m_ObjectHideFlags: 0
  m_CorrespondingSourceObject: {fileID: 0}
  m_PrefabInstance: {fileID: 0}
  m_PrefabAsset: {fileID: 0}
  m_GameObject: {fileID: 8626067942909134404}
  m_LocalRotation: {x: 0, y: 0, z: 0, w: 1}
  m_LocalPosition: {x: 0, y: 0, z: 0}
  m_LocalScale: {x: 1, y: 1, z: 1}
  m_Children:
  - {fileID: 2815633799032556163}
  - {fileID: 7846068718544982109}
  - {fileID: 7300666891236151908}
  m_Father: {fileID: 0}
  m_RootOrder: 0
  m_LocalEulerAnglesHint: {x: 0, y: 0, z: 0}
--- !u!1001 &3797852252438309191
PrefabInstance:
  m_ObjectHideFlags: 0
  serializedVersion: 2
  m_Modification:
    m_TransformParent: {fileID: 5200148239673024918}
    m_Modifications:
    - target: {fileID: 106304536921309497, guid: 2983621d5d957a74cafe964a9f4d6439,
        type: 3}
      propertyPath: m_Name
      value: Laser (2)
      objectReference: {fileID: 0}
    - target: {fileID: 5901267313932811043, guid: 2983621d5d957a74cafe964a9f4d6439,
        type: 3}
      propertyPath: m_LocalPosition.x
      value: -0.789
      objectReference: {fileID: 0}
    - target: {fileID: 5901267313932811043, guid: 2983621d5d957a74cafe964a9f4d6439,
        type: 3}
      propertyPath: m_LocalPosition.y
      value: -0.324
      objectReference: {fileID: 0}
    - target: {fileID: 5901267313932811043, guid: 2983621d5d957a74cafe964a9f4d6439,
        type: 3}
      propertyPath: m_LocalPosition.z
      value: 0
      objectReference: {fileID: 0}
    - target: {fileID: 5901267313932811043, guid: 2983621d5d957a74cafe964a9f4d6439,
        type: 3}
      propertyPath: m_LocalRotation.x
      value: -0
      objectReference: {fileID: 0}
    - target: {fileID: 5901267313932811043, guid: 2983621d5d957a74cafe964a9f4d6439,
        type: 3}
      propertyPath: m_LocalRotation.y
      value: -0
      objectReference: {fileID: 0}
    - target: {fileID: 5901267313932811043, guid: 2983621d5d957a74cafe964a9f4d6439,
        type: 3}
      propertyPath: m_LocalRotation.z
      value: -0
      objectReference: {fileID: 0}
    - target: {fileID: 5901267313932811043, guid: 2983621d5d957a74cafe964a9f4d6439,
        type: 3}
      propertyPath: m_LocalRotation.w
      value: 1
      objectReference: {fileID: 0}
    - target: {fileID: 5901267313932811043, guid: 2983621d5d957a74cafe964a9f4d6439,
        type: 3}
      propertyPath: m_RootOrder
      value: 2
      objectReference: {fileID: 0}
    - target: {fileID: 5901267313932811043, guid: 2983621d5d957a74cafe964a9f4d6439,
        type: 3}
      propertyPath: m_LocalEulerAnglesHint.x
      value: 0
      objectReference: {fileID: 0}
    - target: {fileID: 5901267313932811043, guid: 2983621d5d957a74cafe964a9f4d6439,
        type: 3}
      propertyPath: m_LocalEulerAnglesHint.y
      value: 0
      objectReference: {fileID: 0}
    - target: {fileID: 5901267313932811043, guid: 2983621d5d957a74cafe964a9f4d6439,
        type: 3}
      propertyPath: m_LocalEulerAnglesHint.z
      value: 0
      objectReference: {fileID: 0}
    m_RemovedComponents: []
  m_SourcePrefab: {fileID: 100100000, guid: 2983621d5d957a74cafe964a9f4d6439, type: 3}
--- !u!4 &7300666891236151908 stripped
Transform:
  m_CorrespondingSourceObject: {fileID: 5901267313932811043, guid: 2983621d5d957a74cafe964a9f4d6439,
    type: 3}
  m_PrefabInstance: {fileID: 3797852252438309191}
  m_PrefabAsset: {fileID: 0}
--- !u!1001 &4397578904990854014
PrefabInstance:
  m_ObjectHideFlags: 0
  serializedVersion: 2
  m_Modification:
    m_TransformParent: {fileID: 5200148239673024918}
    m_Modifications:
    - target: {fileID: 106304536921309497, guid: 2983621d5d957a74cafe964a9f4d6439,
        type: 3}
      propertyPath: m_Name
      value: Laser (1)
      objectReference: {fileID: 0}
    - target: {fileID: 5901267313932811043, guid: 2983621d5d957a74cafe964a9f4d6439,
        type: 3}
      propertyPath: m_LocalPosition.x
      value: 0.789
      objectReference: {fileID: 0}
    - target: {fileID: 5901267313932811043, guid: 2983621d5d957a74cafe964a9f4d6439,
        type: 3}
      propertyPath: m_LocalPosition.y
      value: -0.324
      objectReference: {fileID: 0}
    - target: {fileID: 5901267313932811043, guid: 2983621d5d957a74cafe964a9f4d6439,
        type: 3}
      propertyPath: m_LocalPosition.z
      value: 0
      objectReference: {fileID: 0}
    - target: {fileID: 5901267313932811043, guid: 2983621d5d957a74cafe964a9f4d6439,
        type: 3}
      propertyPath: m_LocalRotation.x
      value: -0
      objectReference: {fileID: 0}
    - target: {fileID: 5901267313932811043, guid: 2983621d5d957a74cafe964a9f4d6439,
        type: 3}
      propertyPath: m_LocalRotation.y
      value: -0
      objectReference: {fileID: 0}
    - target: {fileID: 5901267313932811043, guid: 2983621d5d957a74cafe964a9f4d6439,
        type: 3}
      propertyPath: m_LocalRotation.z
      value: -0
      objectReference: {fileID: 0}
    - target: {fileID: 5901267313932811043, guid: 2983621d5d957a74cafe964a9f4d6439,
        type: 3}
      propertyPath: m_LocalRotation.w
      value: 1
      objectReference: {fileID: 0}
    - target: {fileID: 5901267313932811043, guid: 2983621d5d957a74cafe964a9f4d6439,
        type: 3}
      propertyPath: m_RootOrder
      value: 1
      objectReference: {fileID: 0}
    - target: {fileID: 5901267313932811043, guid: 2983621d5d957a74cafe964a9f4d6439,
        type: 3}
      propertyPath: m_LocalEulerAnglesHint.x
      value: 0
      objectReference: {fileID: 0}
    - target: {fileID: 5901267313932811043, guid: 2983621d5d957a74cafe964a9f4d6439,
        type: 3}
      propertyPath: m_LocalEulerAnglesHint.y
      value: 0
      objectReference: {fileID: 0}
    - target: {fileID: 5901267313932811043, guid: 2983621d5d957a74cafe964a9f4d6439,
        type: 3}
      propertyPath: m_LocalEulerAnglesHint.z
      value: 0
      objectReference: {fileID: 0}
    m_RemovedComponents: []
  m_SourcePrefab: {fileID: 100100000, guid: 2983621d5d957a74cafe964a9f4d6439, type: 3}
--- !u!4 &7846068718544982109 stripped
Transform:
  m_CorrespondingSourceObject: {fileID: 5901267313932811043, guid: 2983621d5d957a74cafe964a9f4d6439,
    type: 3}
  m_PrefabInstance: {fileID: 4397578904990854014}
  m_PrefabAsset: {fileID: 0}
--- !u!1001 &8572222965792240032
PrefabInstance:
  m_ObjectHideFlags: 0
  serializedVersion: 2
  m_Modification:
    m_TransformParent: {fileID: 5200148239673024918}
    m_Modifications:
    - target: {fileID: 106304536921309497, guid: 2983621d5d957a74cafe964a9f4d6439,
        type: 3}
      propertyPath: m_Name
      value: Laser
      objectReference: {fileID: 0}
    - target: {fileID: 5901267313932811043, guid: 2983621d5d957a74cafe964a9f4d6439,
        type: 3}
      propertyPath: m_LocalPosition.x
      value: 0
      objectReference: {fileID: 0}
    - target: {fileID: 5901267313932811043, guid: 2983621d5d957a74cafe964a9f4d6439,
        type: 3}
      propertyPath: m_LocalPosition.y
      value: 1.05
      objectReference: {fileID: 0}
    - target: {fileID: 5901267313932811043, guid: 2983621d5d957a74cafe964a9f4d6439,
        type: 3}
      propertyPath: m_LocalPosition.z
      value: 0
      objectReference: {fileID: 0}
    - target: {fileID: 5901267313932811043, guid: 2983621d5d957a74cafe964a9f4d6439,
        type: 3}
      propertyPath: m_LocalRotation.x
      value: -0
      objectReference: {fileID: 0}
    - target: {fileID: 5901267313932811043, guid: 2983621d5d957a74cafe964a9f4d6439,
        type: 3}
      propertyPath: m_LocalRotation.y
      value: -0
      objectReference: {fileID: 0}
    - target: {fileID: 5901267313932811043, guid: 2983621d5d957a74cafe964a9f4d6439,
        type: 3}
      propertyPath: m_LocalRotation.z
      value: -0
      objectReference: {fileID: 0}
    - target: {fileID: 5901267313932811043, guid: 2983621d5d957a74cafe964a9f4d6439,
        type: 3}
      propertyPath: m_LocalRotation.w
      value: 1
      objectReference: {fileID: 0}
    - target: {fileID: 5901267313932811043, guid: 2983621d5d957a74cafe964a9f4d6439,
        type: 3}
      propertyPath: m_RootOrder
      value: 0
      objectReference: {fileID: 0}
    - target: {fileID: 5901267313932811043, guid: 2983621d5d957a74cafe964a9f4d6439,
        type: 3}
      propertyPath: m_LocalEulerAnglesHint.x
      value: 0
      objectReference: {fileID: 0}
    - target: {fileID: 5901267313932811043, guid: 2983621d5d957a74cafe964a9f4d6439,
        type: 3}
      propertyPath: m_LocalEulerAnglesHint.y
      value: 0
      objectReference: {fileID: 0}
    - target: {fileID: 5901267313932811043, guid: 2983621d5d957a74cafe964a9f4d6439,
        type: 3}
      propertyPath: m_LocalEulerAnglesHint.z
      value: 0
      objectReference: {fileID: 0}
    m_RemovedComponents: []
  m_SourcePrefab: {fileID: 100100000, guid: 2983621d5d957a74cafe964a9f4d6439, type: 3}
--- !u!4 &2815633799032556163 stripped
Transform:
  m_CorrespondingSourceObject: {fileID: 5901267313932811043, guid: 2983621d5d957a74cafe964a9f4d6439,
    type: 3}
  m_PrefabInstance: {fileID: 8572222965792240032}
  m_PrefabAsset: {fileID: 0}
